<?xml version="1.0" encoding="UTF-8"?><collection xmlns="http://www.loc.gov/MARC21/slim"><record><leader>00476nam--2200133-i-4500</leader><controlfield tag="001">000007827</controlfield><controlfield tag="002">20161230</controlfield><controlfield tag="005">20161230201027</controlfield><controlfield tag="008">060222s1000------------r-----000-0-eng-d</controlfield><datafield ind1=" " ind2=" " tag="080"><subfield code="a">621`.762</subfield></datafield><datafield ind1=" " ind2=" " tag="245"><subfield code="a">Bericht uber die iii. internationale pulvermet allurgische tagung in eisenach, vom 13-15 mai, 1965</subfield></datafield><datafield ind1=" " ind2=" " tag="260"><subfield code="a">Berlin, Akademie-verlag, 1966 361 P</subfield></datafield><datafield ind1=" " ind2=" " tag="490"><subfield code="a">Abhandlungen Der Deutschen Akademie Der Wissen Schaften Zu Berlin, Klasse Fur Mathematik, Phy Sik</subfield></datafield><datafield ind1=" " ind2=" " tag="852"><subfield code="a">6797</subfield></datafield></record></collection>